<record><leader>00000cas a2200000 a 4500</leader><controlfield tag="001">29173150</controlfield><controlfield tag="008">931021d19631989iluwr ne      0   a0eng c</controlfield><datafield ind1=" " ind2=" " tag="010"><subfield code="a">sn 93057141 </subfield></datafield><datafield ind1=" " ind2=" " tag="040"><subfield code="a">NVF</subfield><subfield code="b">eng</subfield><subfield code="c">NVF</subfield><subfield code="d">DLC</subfield><subfield code="d">CVF</subfield><subfield code="d">OCLCQ</subfield><subfield code="d">CGP</subfield><subfield code="d">NVF</subfield><subfield code="d">OCLCO</subfield></datafield><datafield ind1="1" ind2=" " tag="029"><subfield code="a">AU@</subfield><subfield code="b">000025854127</subfield></datafield><datafield ind1=" " ind2=" " tag="042"><subfield code="a">pcc</subfield></datafield><datafield ind1=" " ind2=" " tag="043"><subfield code="a">n-us-il</subfield></datafield><datafield ind1="0" ind2="0" tag="245"><subfield code="a">Jefferson-Mayfair times.</subfield></datafield><datafield ind1="1" ind2=" " tag="246"><subfield code="i">Published as:</subfield><subfield code="a">Jefferson-Mayfair new times</subfield><subfield code="f">Aug. 19, 1965-Feb. 24, 1966</subfield></datafield><datafield ind1="3" ind2=" " tag="246"><subfield code="a">Jefferson Mayfair times</subfield></datafield><datafield ind1="3" ind2=" " tag="246"><subfield code="a">Jefferson Mayfair new times</subfield></datafield><datafield ind1=" " ind2=" " tag="260"><subfield code="a">Chicago [Ill.] :</subfield><subfield code="b">W.L. Johnson Pub. Co.,</subfield><subfield code="c">1963-1989.</subfield></datafield><datafield ind1=" " ind2=" " tag="300"><subfield code="a">v.</subfield></datafield><datafield ind1=" " ind2=" " tag="310"><subfield code="a">Weekly</subfield></datafield><datafield ind1="0" ind2=" " tag="362"><subfield code="a">July 11, 1963-Apr. 13, 1989.</subfield></datafield><datafield ind1=" " ind2=" " tag="580"><subfield code="a">Merged with: Portage Park Times (Chicago, Ill. : 1963), to form: Jefferson Park-Portage Park times.</subfield></datafield><datafield ind1=" " ind2="0" tag="650"><subfield code="a">Community newspapers</subfield><subfield code="z">Illinois</subfield><subfield code="z">Chicago.</subfield></datafield><datafield ind1=" " ind2="0" tag="651"><subfield code="a">Jefferson Park (Chicago, Ill.)</subfield><subfield code="v">Newspapers.</subfield></datafield><datafield ind1=" " ind2="0" tag="651"><subfield code="a">Mayfair (Chicago, Ill.)</subfield><subfield code="v">Newspapers.</subfield></datafield><datafield ind1=" " ind2=" " tag="752"><subfield code="a">United States</subfield><subfield code="b">Illinois</subfield><subfield code="c">Cook</subfield><subfield code="d">Chicago.</subfield></datafield><datafield ind1="0" ind2="1" tag="780"><subfield code="t">Jefferson Park Portage Park Mayfair times</subfield><subfield code="w">(DLC)sn 93057140</subfield><subfield code="w">(OCoLC)29173110</subfield></datafield><datafield ind1="1" ind2="7" tag="785"><subfield code="t">Portage Park Times (Chicago, Ill. : 1963)</subfield><subfield code="w">(DLC)   93057142</subfield><subfield code="w">(OCoLC)29173168</subfield></datafield><datafield ind1="1" ind2="7" tag="785"><subfield code="t">Jefferson Park-Portage Park times</subfield><subfield code="w">(DLC)sn 96070064</subfield><subfield code="w">(OCoLC)35329309</subfield></datafield></record>